<record><leader>00000cas a22000007a 4500</leader><controlfield tag="001">28400349</controlfield><controlfield tag="008">930708d18741874caudn ne      0    0eng d</controlfield><datafield ind1=" " ind2=" " tag="010"><subfield code="a">sn 93051063 </subfield></datafield><datafield ind1=" " ind2=" " tag="040"><subfield code="a">CUY</subfield><subfield code="b">eng</subfield><subfield code="c">CNK</subfield><subfield code="d">OCLCQ</subfield></datafield><datafield ind1=" " ind2=" " tag="042"><subfield code="a">msc</subfield></datafield><datafield ind1="0" ind2="0" tag="245"><subfield code="a">Daily people's independent.</subfield></datafield><datafield ind1=" " ind2=" " tag="260"><subfield code="a">Vallejo [Calif.] :</subfield><subfield code="b">J.F. Linthicum</subfield></datafield><datafield ind1=" " ind2=" " tag="300"><subfield code="a">v.</subfield></datafield><datafield ind1=" " ind2=" " tag="310"><subfield code="a">Daily (except Mon.)</subfield></datafield><datafield ind1="1" ind2=" " tag="362"><subfield code="a">Began in Feb. 1874.</subfield></datafield><datafield ind1="0" ind2=" " tag="362"><subfield code="a">-v. 1, no. 169 (Sept. 2, 1874).</subfield></datafield><datafield ind1=" " ind2=" " tag="588"><subfield code="a">Description based on: Vol. 1, no. 3 (Feb. 19, 1874).</subfield></datafield><datafield ind1=" " ind2="4" tag="651"><subfield code="a">Vallejo (Calif.)</subfield><subfield code="v">Newspapers.</subfield></datafield><datafield ind1=" " ind2=" " tag="752"><subfield code="a">United States</subfield><subfield code="b">California</subfield><subfield code="c">Solano</subfield><subfield code="d">Vallejo.</subfield></datafield><datafield ind1="0" ind2=" " tag="775"><subfield code="t">People's independent</subfield><subfield code="w">(DLC)sn 93051061</subfield></datafield><datafield ind1="0" ind2="0" tag="780"><subfield code="t">Vallejo daily independent</subfield><subfield code="w">(DLC)sn 93051062</subfield></datafield><datafield ind1="0" ind2="0" tag="785"><subfield code="t">Daily independent (Vallejo, Calif.)</subfield><subfield code="w">(DLC)sn 93051064</subfield></datafield><datafield ind1="1" ind2=" " tag="029"><subfield code="a">AU@</subfield><subfield code="b">000025892360</subfield></datafield></record>